%! Author = mariuszindel
%! Date = 07.09.2021

